@inproceedings{redmon2016you,
  title={You only look once: Unified, real-time object detection},
  author={Redmon, Joseph and Divvala, Santosh and Girshick, Ross and Farhadi, Ali},
  booktitle={Proceedings of the IEEE conference on computer vision and pattern recognition},
  pages={779--788},
  year={2016}
}

@article{youtube,
  title={https://youtu.be/O78V3kwBRBk}
}

@article{h,
  title={황도식 교수님 기초인공지능 수업 강의 노트}
}