@article{article,
  journal={https://www.hankookilbo.com/News/Read/201507021734397229}
}

@article{kang2019decoupling,
  title={Decoupling representation and classifier for long-tailed recognition},
  author={Kang, Bingyi and Xie, Saining and Rohrbach, Marcus and Yan, Zhicheng and Gordo, Albert and Feng, Jiashi and Kalantidis, Yannis},
  journal={arXiv preprint arXiv:1910.09217},
  year={2019}
}

@article{zhang2021deep,
  title={Deep long-tailed learning: A survey},
  author={Zhang, Yifan and Kang, Bingyi and Hooi, Bryan and Yan, Shuicheng and Feng, Jiashi},
  journal={arXiv preprint arXiv:2110.04596},
  year={2021}
}