@inproceedings{zhou2016learning,
  title={Learning deep features for discriminative localization},
  author={Zhou, Bolei and Khosla, Aditya and Lapedriza, Agata and Oliva, Aude and Torralba, Antonio},
  booktitle={Proceedings of the IEEE conference on computer vision and pattern recognition},
  pages={2921--2929},
  year={2016}
}

@article{youtubeXAI,
  title={youtube [Techtonic 2020] Track 1. eXplainable AI(X-AI): 딥러닝 모델은 무엇을 보는가? - 정형식 프로}
}

@article{h,
  title={황도식 교수님 기초인공지능 수업 강의 노트}
}

@article{youtubeCAM,
  title={https://youtu.be/KzpSM6erO6c}
}

@article{youtubeGradCAM,
  title={https://youtu.be/uA5rIr79I0o}
}

@inproceedings{selvaraju2017grad,
  title={Grad-cam: Visual explanations from deep networks via gradient-based localization},
  author={Selvaraju, Ramprasaath R and Cogswell, Michael and Das, Abhishek and Vedantam, Ramakrishna and Parikh, Devi and Batra, Dhruv},
  booktitle={Proceedings of the IEEE international conference on computer vision},
  pages={618--626},
  year={2017}
}