@article{jaderberg2015spatial,
  title={Spatial transformer networks},
  author={Jaderberg, Max and Simonyan, Karen and Zisserman, Andrew and others},
  journal={Advances in neural information processing systems},
  volume={28},
  year={2015}
}


@article{youtube,
  title={https://www.youtube.com/watch?v=Rv3osRZWGbg}
}