@article{sutskever2014sequence,
  title={Sequence to sequence learning with neural networks},
  author={Sutskever, Ilya and Vinyals, Oriol and Le, Quoc V},
  journal={Advances in neural information processing systems},
  volume={27},
  year={2014}
}

@article{GRU,
  title={Understanding GRU Networks},
  author={Simeon Kostadinov},
  journal={https://towardsdatascience.com/understanding-gru-networks-2ef37df6c9be}
}

@article{youtube,
  journal={https://youtu.be/cs3tSnAsyRs}
}

@article{youtube_seq,
  journal={https://youtu.be/4DzKM0vgG1Y}
}

@article{bahdanau2014neural,
  title={Neural machine translation by jointly learning to align and translate},
  author={Bahdanau, Dzmitry and Cho, Kyunghyun and Bengio, Yoshua},
  journal={arXiv preprint arXiv:1409.0473},
  year={2014}
}

@article{youtube_attention,
  journal={https://youtu.be/upskBSbA9cA}
}
