@article{youtube,
  title={https://www.youtube.com/watch?v=unf2ziKXBP4}
}

@article{dong2015image,
  title={Image super-resolution using deep convolutional networks},
  author={Dong, Chao and Loy, Chen Change and He, Kaiming and Tang, Xiaoou},
  journal={IEEE transactions on pattern analysis and machine intelligence},
  volume={38},
  number={2},
  pages={295--307},
  year={2015},
  publisher={IEEE}
}

@inproceedings{dong2016accelerating,
  title={Accelerating the super-resolution convolutional neural network},
  author={Dong, Chao and Loy, Chen Change and Tang, Xiaoou},
  booktitle={European conference on computer vision},
  pages={391--407},
  year={2016},
  organization={Springer}
}

@article{deconv,
  title={http://towardsdatascience.com/up-sampling-with-transposed-convolution-9ae4f2df52d0}
}