@inproceedings{mikolov2010recurrent,
  title={Recurrent neural network based language model.},
  author={Mikolov, Tomas and Karafi{\'a}t, Martin and Burget, Lukas and Cernock{\`y}, Jan and Khudanpur, Sanjeev},
  booktitle={Interspeech},
  volume={2},
  number={3},
  pages={1045--1048},
  year={2010},
  organization={Makuhari}
}

@article{youtube,
  title={https://youtu.be/OyCZvSDxMAk}
}

@article{LSTM,
  title={http://colah.github.io/posts/2015-08-Understanding-LSTMs/}
}

@article{bengio2000neural,
  title={A neural probabilistic language model},
  author={Bengio, Yoshua and Ducharme, R{\'e}jean and Vincent, Pascal},
  journal={Advances in Neural Information Processing Systems},
  volume={13},
  year={2000}
}