@inproceedings{long2015fully,
  title={Fully convolutional networks for semantic segmentation},
  author={Long, Jonathan and Shelhamer, Evan and Darrell, Trevor},
  booktitle={Proceedings of the IEEE conference on computer vision and pattern recognition},
  pages={3431--3440},
  year={2015}
}

@article{yu2015multi,
  title={Multi-scale context aggregation by dilated convolutions},
  author={Yu, Fisher and Koltun, Vladlen},
  journal={arXiv preprint arXiv:1511.07122},
  year={2015}
}

@article{youtube,
  title={https://youtu.be/ijvZsH4TlZc}
}

@article{isensee2018nnu,
  title={nnu-net: Self-adapting framework for u-net-based medical image segmentation},
  author={Isensee, Fabian and Petersen, Jens and Klein, Andre and Zimmerer, David and Jaeger, Paul F and Kohl, Simon and Wasserthal, Jakob and Koehler, Gregor and Norajitra, Tobias and Wirkert, Sebastian and others},
  journal={arXiv preprint arXiv:1809.10486},
  year={2018}
}